@InProceedings{bra04,
  author =	 {Martin Bravenboer and Eelco Visser},
  title =	 {Concrete Syntax for Object - Domain-Specific
                  Language Embedding and Assimilation without
                  Restrictions},
  booktitle =	 {OOPSLA'04},
  year =	 {2004},
  month =	 {October 24-28}
}

@InProceedings{hof08,
  author = 	 {Christian Hofer and Klaus Ostermann and Tillmann Rendel},
  title = 	 {Polymorphic Embedding of DSLs},
  booktitle =    {GPCE'08},
  year = 	 {2008},
  month =        {October 19-23}
}

@article{hud96,
  author =       {Hudak, Paul},
  title =        {Building domain-specific embedded languages},
  journal =      {ACM Comput. Surv.},
  issn =         {0360-0300},
  pages =        {196},
  doi =          {http://doi.acm.org/10.1145/242224.242477},
  publisher =    {ACM},
  address =      {New York, NY, USA},
  year =         {1996}
}

@Article{mer05,
  author =	 {Marjan Mernik and Jan Heering and Anthony M. Sloane},
  title =	 {When and How to Develop Domain-Specific Languages},
  journal =	 {ACM Computing Surveys},
  year =	 {2005},
  volume =	 {Vol. 37},
  number =	 {No. 4},
  pages =	 {pp. 316-344},
  month =	 {December}
}

@InProceedings{moo08,
  author = 	 {Adriaan Moors and Frank Piessens and Martin Odersky},
  title = 	 {Generics of a higher kind},
  booktitle =    {Proceedings of OOPSLA'08},
  year = 	 {2008}
}

@InProceedings{ode03,
  author =	 {Martin Odersky and Vincent Cremet and Christine Rckl
                  and Matthias Zenger},
  title =	 {A nominal theory of objects with dependent types},
  booktitle =	 {Proceedings ECOOP'03},
  year =	 {2003},
  publisher =	 {Springer LNCS}
}

@InProceedings{ode05,
  author = 	 {Martin Odersky and Matthias Zenger},
  title = 	 {Scalable component abstractions},
  booktitle =    {OOPSLA'05},
  pages = 	 {pp. 41-57},
  year = 	 {2005},
  address = 	 {New York, NY, USA},
  publisher =    {ACM}
}

@Book{ode08,
  author = 	 {Martin Odersky and Lex Spoon and Bill Venners},
  title =	 {Programming in Scala},
  publisher = 	 {Artima Press},
  year = 	 {2008},
  edition = 	 {First v6}
}
